@misc{tanak2020quixo,
  author = {Satoshi Tanak and Francois Bonnet and Sebastien Tixeuil and Yasumasa Tamura},
  title = {Quixo Is Solved},
  year = {2020},
  url = {https://arxiv.org/pdf/2007.15895},
  note = {Available at: \url{https://arxiv.org/pdf/2007.15895}}
}


@misc{ruoss2024gradmaster,
  author = {Anian Ruoss and Gregoire Deletang and Sourabh Medapati and Jordi Grau-Moya and Li Kevin Wenliang and Elliot Catt and John Reid and Tim Genewein},
  title = {Gradmaster-Level Chess Without Search},
  year = {2024},
  url = {https://arxiv.org/pdf/2402.04494v1},
  note = {Available at: \url{https://arxiv.org/pdf/2402.04494v1}}
}

@misc{guo2024can,
  author = {Hongyi Guo and Zhihan Liu and Yufeng Zhang and Zhaoran Wang},
  title = {Can Large Language Models Play Games? A Case Study of A Self-Play Approach},
  year = {2024},
  url = {https://arxiv.org/pdf/2402.04494v1},
  note = {Available at: \url{https://arxiv.org/pdf/2402.04494v1}}
}

@misc{berglund2023reverasal,
  author = {Lukas Berglund and Asa Cooper Stickland and Meg Tong and Max Kaufmann and Mikita Balesni and Tomasz Korbak and Owain Evans},
  title = {The Reverasal Curse: LLMs trained on “A is B” fail to learn “B is A”},
  year = {2023},
  url = {https://arxiv.org/pdf/2206.10498},
  note = {Available at: \url{https://arxiv.org/pdf/2206.10498}}
}

@misc{valmeekam2023planbench,
  author = {Karthik Valmeekam and Matthew Marquez and Alberto Olmo and Sarath Sreedharan and Subbarao Kambhampati},
  title = {PlanBench: An Extensible Benchmark for Evaluating Large Language Models on Planning and Reasoning about Change},
  year = {2023},
  url = {https://arxiv.org/pdf/2206.10498},
  note = {Available at: \url{https://arxiv.org/pdf/2206.10498}}
}
